@article{Filippi2017,
  title = {Mixed integer linear programming models for optimal crop selection},
  volume = {81},
  ISSN = {0305-0548},
  url = {http://dx.doi.org/10.1016/j.cor.2016.12.004},
  DOI = {10.1016/j.cor.2016.12.004},
  journal = {Computers &amp; Operations Research},
  publisher = {Elsevier BV},
  author = {Filippi,  Carlo and Mansini,  Renata and Stevanato,  Elisa},
  year = {2017},
  month = may,
  pages = {26–39}
}
@article{尚毛毛 2020 价格作用下的农作物最优生产和市场供应决策 ,
author={尚毛毛 and 吕刘},
title={ 价格作用下的农作物最优生产和市场供应决策 },
organization={广西壮族自治区宏观经济研究院 and 中国农业科学院农业经济与发展研究所},
journal={北方经济},
year={2020},
volume={},
number={10},
pages={71-74},
month={10},
}
@article{陆文聪 2004 粮食政策市场化改革与浙江农作物生产反应:价格、风险和定购 ,
author={陆文聪 and 叶建},
title={ 粮食政策市场化改革与浙江农作物生产反应:价格、风险和定购 },
organization={浙江大学},
journal={浙江大学学报（人文社会科学版）},
year={2004},
volume={34},
number={3},
pages={5-11},
month={1},
}
@article{高培旺 2010 整数线性规划的切割与分支算法 ,
author={高培旺},
title={ 整数线性规划的切割与分支算法 },
organization={广西财经学院},
journal={计算机工程与设计},
year={2010},
volume={31},
number={12},
pages={2930-2932},
month={1},
}
@mastersthesis{李能卓 2023 线性变参数系统鲁棒经济模型预测控制策略研究 ,
author={李能卓},
title={ 线性变参数系统鲁棒经济模型预测控制策略研究 },
school={浙江工业大学},
year={2023},
type={硕士论文},
month={},
}